@article{j-ikamusume5,
	author =	"岡部究",
	title =		"めたせぴ☆ふぁうんでーしょん",
	journal =	"簡約! λカ娘",
	volume =	5,
	pages =		"3-44",
	publisher = 	"参照透明な海を守る会",
	year =		2013}
@webpage{iot_monoist,
	author =	"三島一孝",
	title =		"製造ITニュース：「モノのインターネット」製造業への経済効果は2850億ドル――ガートナー - MONOist(モノイスト)",
	organization =	"アイティメディア株式会社",
	url =	"http://monoist.atmarkit.co.jp/mn/articles/1310/15/news009.html",
	refdate =	"2014-10-31"}


